@Article{Leslie2005,
  author = 	{Leslie, A. G. W.},
  title = 	{The integration of macromolecular diffraction data},
  journal = 	{Acta Crystallographica Section D Biological Crystallography},
  year = 	{2005},
  volume = 	{62},
  pages = 	{48--57},
  doi = 	{10.1107/s0907444905039107},
}

@Article{Evans2005,
  author = 	{Evans, P.},
  title = 	{Scaling and assessment of data quality},
  journal = 	{Acta Crystallographica Section D Biological Crystallography},
  year = 	{2005},
  volume = 	{62},
  pages = 	{72--82},
  doi = 	{10.1107/s0907444905036693},
}

@Article{Winter2018,
  author = 	{Winter, G.
		and Waterman, G. D.
		and Parkhurst, M. J.
		and Brewster, S. A.
		and Gildea, J. R.
		and Gerstel, M.
		and Fuentes-Montero, L.
		and Vollmar, M.
		and Michels-Clark, T.
		and Young, D. I.
		and Sauter, K. N.
		and Evans, G.},
  title = 	{DIALS: implementation and evaluation of a new integration package},
  journal = 	{Acta Crystallographica Section D Structural Biology},
  year = 	{2018},
  volume = 	{74},
  pages = 	{85--97},
  doi = 	{10.1107/s2059798317017235},
}

@Article{Evans2011,
  author = 	{Evans, P. R.},
  title = 	{An introduction to data reduction: space-group determination, scaling and intensity statistics},
  journal = 	{Acta Crystallographica Section D Biological Crystallography},
  year = 	{2011},
  volume = 	{67},
  pages = 	{282--292},
  doi = 	{10.1107/s090744491003982x},
}

@Article{Diederichs2013,
  author = 	{Diederichs, K.
		and Karplus, A. P.},
  title = 	{Better models by discarding data?},
  journal = 	{Acta Crystallographica Section D Biological Crystallography},
  year = 	{2013},
  volume = 	{69},
  pages = 	{1215--1222},
  doi = 	{10.1107/s0907444913001121},
}

@Article{Karplus2012,
  author = 	{Karplus, A. P.
		and Diederichs, K.},
  title = 	{Linking Crystallographic Model and Data Quality},
  journal = 	{Science},
  year = 	{2012},
  volume = 	{336},
  pages = 	{1030--1033},
  doi = 	{10.1126/science.1218231},
}

@Article{Kabsch1988a,
  author = 	{Kabsch, W.},
  title = 	{Automatic indexing of rotation diffraction patterns},
  journal = 	{Journal of Applied Crystallography},
  year = 	{1988},
  volume = 	{21},
  pages = 	{67--71},
  doi = 	{10.1107/S0021889887009737}
}

@Article{Kabsch2010,
  author = 	{Kabsch, W.},
  title = 	{Integration, scaling, space-group assignment and post-refinement},
  journal = 	{Acta Crystallographica Section D Biological Crystallography},
  year = 	{2010},
  volume = 	{66},
  pages = 	{133--144},
  doi = 	{10.1107/s0907444909047374},
}

@Article{Foadi2008,
  author = 	{Foadi, J.
		and Evans, G.},
  title = 	{Elucidations on the reciprocal lattice and the Ewald sphere},
  journal = 	{European Journal of Physics},
  year = 	{2008},
  volume = 	{29},
  pages = 	{1059--1068},
  doi = 	{10.1088/0143-0807/29/5/017},
}

@Article{Kabsch1988,
  author = 	{Kabsch, W.},
  title = 	{Evaluation of single-crystal X-ray diffraction data from a position-sensitive detector},
  journal = 	{Journal of Applied Crystallography},
  year = 	{1988},
  volume = 	{21},
  pages = 	{916--924},
  doi = 	{10.1107/S0021889888007903}
}

@Article{Kabsch2010a,
  author = 	{Kabsch, W.},
  title = 	{XDS},
  journal = 	{Acta Crystallographica Section D Biological Crystallography},
  year = 	{2010},
  volume = 	{66},
  pages = 	{125--132},
  doi = 	{10.1107/s0907444909047337},
}

@article{Wilkinson1988,
  author = {Wilkinson, C.
    and Khamis, H. W.
    and Stansfield, R. F. D.
    and McIntyre, G. J.},
  title = {Integration of single-crystal reflections using area multidetectors},
  journal = {Journal of Applied Crystallography},
  year = {1988},
  volume = {21},
  pages = {471--478},
  doi = {10.1107/S0021889888005400},
}

@article{Prince1997,
  author = {Prince, E.
    and Wilkinson, C.
    and McIntyre, G. J.},
  title = {Comparison of the {$\sigma$}({\it I})/{\it I} and Least-Squares Methods for Integration of Bragg Reflections},
  journal = {Journal of Applied Crystallography},
  year = {1997},
  volume = {30},
  pages = {133--137},
  doi = {10.1107/S0021889896012824},
}

@Article{Steller1997,
  author = 	{Steller, I.
    and Boltovsky, R.
    and Rossman, M. G.},
  title = {An algorithm for automatic indexing of oscillation images using Fourier analysis},
  journal = {Journal of Applied Crystallography},
  year = 	{1997},
  volume = 	{30},
  pages = 	{1036--1040},
  doi = {10.1107/S0021889897008777},
}

@Article{Diamond1969,
  author = 	{Diamond, R.},
  title = {Profile analysis in single crystal diffractometry},
  journal = {Acta Crystalograhica},
  year = 	{1969},
  volume = 	{25},
  pages = 	{43-55},
  doi = {10.1107/S0567739469000064},
}