@article{karplus-diederichs-2012,
  author  = {Karplus, P. Andrew and Diederichs, Kay}, 
  title   = {Linking crystallographic model and data quality},
  journal = {Science},
  year    = 2012,
  number  = 6084,
  pages   = {1030-1033},
  month   = May,
  volume  = 336,
  note    = {doi:10.1126/science.1218231}
}

@article{gruber-1973,
  author = {Gruber, B.},
  title = {The relationship between reduced cells in a general Bravais lattice},
  journal = {Acta. Cryst.},
  year = 1973,
  volume = {A},
  number = 29,
  pages = {433-440}
}

@article{krivy-gruber-1976,
  author = {Krivy, I. and Gruber, B.},
  title = {A unified algorithm for determining the reduced (Niggli) cell},
  journal = {Acta. Cryst.},
  year = 1976,
  volume = {A},
  number = 32,
  pages = {297-298}
}

@article{unit-cell-2003,
  author = {Grosse-Kunstleve, R. W. and Sauter, N. K. and Adams, P. D.},
  title = {Numerically stable algorithms forthe computation of reduced unit cells},
  journal = {Acta Cryst.},
  year = 2004,
  volume = {A},
  number = 60,
  pages = {1-6}
}

@article{wilkinson-1988,
  author = {Wilkinson, Clive and Khamis, Hanna W. and Stansfield, F. D. and McIntyre, Garry J.},
  title = {Integration of single-crystal reflections using area multidetectors},
  journal = {J. Appl. Cryst.},
  year = 1988,
  volume = 21,
  pages = {471-478}
}

@manual{retreat-manual,
  title = {RETREAT-PEAKINT: Program Manual},
  author = {Stansfield, R. F. and McIntyre, G. J.},
  year = 2013,
  organization = {Instutut Laue-Langevin}
}

@article{prince-1997,
  author = {Prince, E. and Wilkinson, C. and McIntyre, G. J.},
  title = {Comparison of the $\sigma(I)/I$ and least-squares methods for integration of Bragg reflections},
  journal = {J. Appl. Cryst.},
  year = 1997,
  volume = 30,
  pages = {133-137}
}

@article{eval-14,
  author = {Duisenberg,Albert J. M. and Kroon-Batenberg, Loes M. J. and Schreurs, Antoine M. M.},
  title = {An intensity evaluation method: EVAL-14},
  journal = {J. Appl. Cryst.},
  year = 2003,
  volume = 36,
  pages = {220-229}
}

@article{eval-15,
  author = {Schreurs, Anoine M. M. and Xian, Xinyi and Kroon-Batenberg, Loes M. J.},
  title = {EVAL15: a diffraction data integration method based on ab initio predicted profiles},
  journal = {J. Appl. Cryst.},
  year = 2010,
  volume = 43,
  pages = {70-82}
}

@article{evans-2011,
  author = {Evans, Philip R.},
  title = {An introduction to data reduction: space-group determination, scaling, and intensity statistics},
  journal = {Acta Cryst. D},
  year = 2011,
  volume = 67,
  pages = {282-292}
}

@article{kabsch-1988,
  author = {Kabsch, Wolfgang},
  title = {Evaluation of single-crystal x-ray diffraction data from a position-sensitive detector},
  journal = {J. Appl. Cryst.},
  year = 1988,
  volume = 21,
  pages = {916-924}
}

@article{kabsch-2010,
  author = {Kabsch, Wolfgang},
  title = {Integration, scaling, space-group assignment and post-refinement},
  journal = {Acta Cryst. D},
  year = 2010,
  volume = 66,
  pages = {133-144}
}

@article{xds-2010,
  author = {Kabsch, Wolfgang},
  title = {XDS},
  journal = {Acta Cryst. D},
  year = 2010,
  volume = 66,
  pages = {125-132}
}

@incollection{denzo-scalepack,
  author = {Otwinowski, Zbyszek and Minor, Wladek},
  title = {Denzo \& Scalepack},
  series = {International Tables for Crystallography},
  volume = {F},
  booktitle = {Macromolecular Crystallography},
  year = 2006,
  publisher = {Springer}
}

@article{otwinowski-1997,
  author = {Otwinowski, Zbyszek and Minor, Wladek},
  title = {Processing of X-ray diffraction data collected in oscillation mode},
  journal = {Methods in Enzymology},
  volume = 276,
  year = 1997,
  pages = {307-326}
}

@manual{hkl2000-manual,
  title = {The HKL Manual},
  author = {Gewirth, Daniel}
}

@article{diamond-1969,
  title = {Profile analysis in single crystal diffractometry},
  author = {Diamond, R.},
  journal = {Acta Cryst. A},
  volume = 25,
  pages = {43-55},
  year = 1969
}

@incollection{crystal-lattices,
  author = {Burzlaff, H. and Grimmer, H. and Gruber, B. and de Wolff, P. M. and Zimmermann, H.},
  title = {Crystal lattices},
  series = {International Tables for Crystallography},
  volume = {A},
  booktitle = {Advanced topics on space-group symmetry},
  year = 2016,
  publisher = {Springer}
}

@article{fft1,
  author = {Steller, Ingo and Bolotovsky, Robert and Rossmann, Michael G.},
  title = {An algorithm for automatic indexing of oscillation images using Fourier analysis},
  journal = {J. Appl. Cryst.},
  volume = 30,
  year = 1997,
  pages = {1036-1040}
}

@article{fft2,
  author = {Sauter, Nicholas K. and Grosse-Kunstleve, Ralf W. and Adams, Paul D.},
  title = {Robust indexing for automatic data collection},
  journal = {J. Appl. Cryst.},
  volume = 37,
  year = 2004,
  pages = {399-409}
}
